@ARTICLE{2009AJ....137.4400L,
       author = {{Lang}, Dustin and {Hogg}, David W. and {Jester}, Sebastian and {Rix}, Hans-Walter},
        title = "{Measuring the Undetectable: Proper Motions and Parallaxes of Very Faint Sources}",
      journal = {\aj},
     keywords = {astrometry, methods: statistical, quasars: general, stars: kinematics, stars: low-mass, brown dwarfs, techniques: image processing, Astrophysics},
         year = 2009,
        month = may,
       volume = {137},
       number = {5},
        pages = {4400-4411},
          doi = {10.1088/0004-6256/137/5/4400},
archivePrefix = {arXiv},
       eprint = {0808.4004},
 primaryClass = {astro-ph},
       adsurl = {https://ui.adsabs.harvard.edu/abs/2009AJ....137.4400L},
      adsnote = {Provided by the SAO/NASA Astrophysics Data System}
}


